

%si
@book{free,
  title={Free Groups and Geometry},
  author={Balsdon, P. D. and Horawa, A. and Lenain,  M. and Yang, H. },
  note = {pp. 1-7. Disponible en \href{http://www-personal.umich.edu/~ahorawa/free_groups_and_geometry-final.pdf}{\color{brown2}{Horawa}}},
  series={Universidad de Michigan},
  year={(2015)}
}




%si
@book{boone,
  title={A Slick Proof of the Unsolvability of the Word Problem for Finitely Presented Groups},
  author={Simpson, Stephen G. },
  note = {Disponible en \href{http://www.personal.psu.edu/t20/logic/seminar/050517.pdf}{\color{brown2}{Word Problem}}},
  year={(2005)}
}

%si
@book{Barrera,
  title={Introducción a la Teoría de Grupos},
  author={Barrera Mora, F. },
  year = {(2013)},
  url={http://mimosa.pntic.mec.es/jgomez53/matema/docums/barrera-grupos.pdf},
  note = {pp. 40-86. Disponible en \href{http://mimosa.pntic.mec.es/jgomez53/matema/docums/barrera-grupos.pdf}{\color{brown2}{Barrera}}},
  publisher={Universidad Autónoma del Estado de Hidalgo (UAEH)}
}



%si
@book{Historia,
  title={Historia de las matemáticas: Teoría de Grupos},
  author={García Sanchez, Pedro A.},
  publisher={Universidad de Granada},
  year = {(2013)}
}


@book{esencial,
  title={Essential Group Theory},
  author={Batty, Michael},
  publisher={Bookboon},
  year = {(2012)},
  note = {pp. 40-63. Disponible en \href{http://thuvienso.bvu.edu.vn/bitstream/TVDHBRVT/15707/1/Essential-Group-Theory.pdf}{\color{brown2}{Batty}}}
}




@book{jara,
  title={Teoría de Grupos: Estructura de grupos finitos},
  author={Jara Martínez, Pascual},
  publisher={Universidad de Granada},
  year = {(2017)},
  note = {pp. 155-182. Disponible en \href{http://www.ugr.es/~anillos/textos/pdf/2019/3000-Grupos.pdf}{\color{brown2}{www.ugr.es}}}
}







@book{todd,
  title={A practical method for enumerating cosets of a finite abstract group},
  author={Todd, J. A.  and Coxeter, H. S. M. },
  year = {(1936)},
  note = {Disponible en \href{https://www.cambridge.org/core/services/aop-cambridge-core/content/view/0306574AD958F694A0A8339338348AA1/S0013091500008221a.pdf/practical_method_for_enumerating_cosets_of_a_finite_abstract_group.pdf}{\color{brown2}{Todd Coxeter}}}, 
  publisher = {Universidad de Manchester \& Cambridge}
}


@book{kmill,
  title={The Todd-Coxeter algorithm},
  author={Miller, Kyle},
  year = {(2016)},
  note = {Disponible en \href{https://math.berkeley.edu/~kmill/notes/todd_coxeter.html}{\color{brown2}{Kmill}}}, 
  publisher = {Universidad de Berkeley}
}




@book{milneGT,
 author={Milne, James S.},
 title={Group Theory},
 year={(2020)},
 note={pp. 31-42, 57-74. Disponible en \href{https://www.jmilne.org/math/CourseNotes/GT.pdf}{\color{brown2}{www.jmilne.org/math/}}},

}

%si
@book{knuth,
  title={Simple word problems in universal algebras},
  author={D. Knuth and  Bendix, P.},
  publisher={Pergamon Press},
  year={(1970)},
  series ={Oxford University},
  pages={263}
}

%si
@book{Nielsen,
  title={Presentations of Groups},
  author={Johnson, D.L.},
  isbn={9780521378246},
  lccn={90184882},
  series={London Mathematical Society Student Texts},
  url={https://books.google.es/books?id=IZgrtQEACAAJ},
  year={(1990)},
  publisher={Cambridge University Press},
  note = {pp. 100-135}
}


%si
@book{abstract,
  title={Abstract Algebra: Theory and Applications},
  author={Judson, Thomas W.},
  year = {(2017)},
  isbn={9781944325053},
  url={https://books.google.es/books?id=4uuUswEACAAJ},
  publisher={Orthogonal Publishing L3c},
  note = {Cap. 14,15.  Disponible en \href{http://abstract.ups.edu/aata/aata.html}{\color{brown2}{Abstract}}},
}

%si
@book{abstractrojo,
  title={Abstract Algebra},
  author={Dummit, David S. and Foote, Richard M.},
  isbn={9780471433347},
  year={(2003)},
  lccn={2003057652},
  url={https://books.google.es/books?id=KJDBQgAACAAJ},
  publisher={John Wiley},
  note = {pp. 152-215}
}




@book{bueso,
  title={Grado en Matemáticas: Álgebra II},
  author={Bueso, José L.},
  year={(2015)},
  publisher={Universidad de Granada},
  note = {pp. 35-86. Disponible en \href{https://es.scribd.com/document/299325294/J-L-Bueso-Algebra-discreta-y-de-grupos}{\color{brown2}{Bueso}}}
}





%si
@book{teoria,
  title={Teoría de grupos},
  author={Moreno Frías, M. Ángeles and Espino, E. Pardo},
  isbn={9788477868071},
  series={Textos Universidad de Cádiz Series},
  url={https://books.google.es/books?id=\_WC8PQAACAAJ},
  year={(2003)},
  publisher={Servicio de Publicaciones de la Universidad de Cádiz}
}




%si
@book{carlos,
  title={Álgebra y Geometría},
  author={Iborra Castillo, C.},
  year={(1999)},
  url={http://www.cartagena99.com/recursos/matematicas/apuntes/Algebra2.pdf},
  note = {pp. 235-250. Disponible en \href{http://www.cartagena99.com/recursos/matematicas/apuntes/Algebra2.pdf}{\color{brown2}{Iborra}}},
  publisher={Universidad de Valencia}
}

%si
@book{bullejos,
  title={Álgebra II, apuntes del curso 18/19},
  author={Bullejos Lorenzo, M.},
  year={(2018)},
  url={https://www.ugr.es/~bullejos/},
  publisher={Universidad de Granada}
}

%si
@book{eugenio,
  title={Álgebra},
  author={Palacios, E. Miranda},
  year={(2018)},
  publisher={Universidad de Granada}
}


%si
@book{Pedrito,
  title={Librería de Teoría de Grupos},
  author={García Sánchez, Pedro A. and Bueso Montero, José Luis},
  url={https://github.com/pedritomelenas/Algebra-II},
  year={(2016)},
  note ={Disponible en \href{https://github.com/pedritomelenas/Algebra-II}{\color{brown2}{Github}}},
  publisher={Universidad de Granada}
}

%si
@book{Absalg,
  title={Librería de Teoría de Grupos},
  author={Harris, Naftali},
  year={(2012)},
  url={https://github.com/naftaliharris/Abstract-Algebra},
  note = {Disponible en \href{https://github.com/naftaliharris/Abstract-Algebra}{\color{brown2}{Github}}}
}


%si
@book{green,
  title={Handbook of computational group theory},
  author={Derek, F. and Bettina, Eick. and Eamonn O'brien},
  series={Discrete Mathematics and Its Applications, Chapman \& Hall},
  journal = {Mathematics of computation},
  year={(2006)},
  publisher={CRC Press},
  note = {pp. 149-217.}
}



%si
@book{neu,
  title={An elementary introduction to coset-table in computational group},
  author={Neubüser , J.},
  series={London Mathematical Society},
  publisher={Cambridge University Press},
  year = {(1981)},
  note = {pp. 1-45}
}



@book{tool,
  title={Application of Computational Tools for Finitely Presented Groups},
  author={Havas, George and Edmund F. Robertson},
  series={DIMACS Series in Discrete Mathematics and Theoretical Computer Science},
  year={(1994)},
  publisher={Cambridge University Press},
  note = {Disponible en \href{https://arxiv.org/pdf/math/9406207.pdf}{\color{brown2}{arxiv.org}}}
 
}




@book{TCSS,
  title={The Schreier-Sims algorithm},
  author={Scott H. Murray},
  publisher={Australian National University},
  year={(2003)},
  series ={ Department of mathematics},
  note = {pp. 25-40. Disponible en \href{https://www.maths.usyd.edu.au/u/murray/research/essay.pdf}{Scott}}}
}


@book{havas,
  title={A Reidemeister Schreier Program},
  author={Havas, George},
  publisher={Australian National University, Canberra, Springer-Verlag, Berlin},
  year={(1973)},
  series={Proceedings of the Second International Conference on the Theory of Groups},
  note = {pp. 347-356}
}



@book{gap,
  title={Groups, Algorithms and Programming},
  author={GAP},
  year={(1986)},
  series={The GAP group},
  note = {Disponible en \href{https://www.gap-system.org/index.html}{\color{brown2}{www.gap-system.org/}}}}
}



@book{magma,
  title={Handbook of Magma functions},
  author={Cannon, John and Bosma, Wieb and Fieker, Claus and Steel, Allan},
  year={(2014)},
  publisher={University of Sidney},
  series = {Version 2.20},
  note = {Disponible en \href{https://www.math.uzh.ch/sepp/magma-2.20.4-cr/Handbook.pdf}{\color{brown2}{Magma}}}
}


@book{ace,
  title={GAP package ACE},
  author={Gamble, Greg  and Hulpke, Alexander  and Havas, George  and Ramsay, Colin },
  year={(2001)},
  series={The GAP group},
  note = {Disponible en \href{https://www.gap-system.org/Packages/ace.html}{\color{brown2}{ACE}}}
}



@book{itc,
  title={GAP package ITC},
  author={Volkmar, Felsch and Hippe, Ludger and Neubüser Joachim},
  year={(2000)},
  series={The GAP group},
  note = {Disponible en \href{https://www.gap-system.org/Packages/itc.html}{\color{brown2}{ITC}}}
}



